
@online{crud,
    author = "MaxSite",
    title = "GitLab {[ЭЛ. РЕСУРС] Режим доступа:}",
    url = "https://maxsite.org/page/restful-crud",
    addendum = "(дата обращения: 15.07.2021)",
    keywords = "crud"
}
@online{rest,
    author = "Артемий",
    title = "Архитектура REST {[ЭЛ. РЕСУРС] Режим доступа:}",
    url = "https://habr.com/ru/post/38730",
    addendum = "(дата обращения: 04.07.2021)",
    keywords = "rest"
}